@article{blakeley:efficiently,
 author = {Blakeley, Jose A. and Larson, Per-Ake and Tompa, Frank Wm},
 title = {Efficiently Updating Materialized Views},
 journal = {SIGMOD Rec.},
 issue_date = {June 1986},
 volume = {15},
 number = {2},
 month = jun,
 year = {1986},
 issn = {0163-5808},
 pages = {61--71},
 numpages = {11},
 url = {http://doi.acm.org/10.1145/16856.16861},
 doi = {10.1145/16856.16861},
 acmid = {16861},
 publisher = {ACM},
 address = {New York, NY, USA},
} 
	
@article{gupta:maintaining,
 author = {Gupta, Ashish and Mumick, Inderpal Singh and Subrahmanian, V. S.},
 title = {Maintaining Views Incrementally},
 journal = {SIGMOD Rec.},
 issue_date = {June 1, 1993},
 volume = {22},
 number = {2},
 month = jun,
 year = {1993},
 issn = {0163-5808},
 pages = {157--166},
 numpages = {10},
 url = {http://doi.acm.org/10.1145/170036.170066},
 doi = {10.1145/170036.170066},
 acmid = {170066},
 publisher = {ACM},
 address = {New York, NY, USA},
} 

@article{agrawal:efficient,
 author = {Agrawal, D. and El Abbadi, A. and Singh, A. and Yurek, T.},
 title = {Efficient View Maintenance at Data Warehouses},
 journal = {SIGMOD Rec.},
 issue_date = {June 1997},
 volume = {26},
 number = {2},
 month = jun,
 year = {1997},
 issn = {0163-5808},
 pages = {417--427},
 numpages = {11},
 url = {http://doi.acm.org/10.1145/253262.253355},
 doi = {10.1145/253262.253355},
 acmid = {253355},
 publisher = {ACM},
 address = {New York, NY, USA},
} 	

@article{incremental:materializedviews12,
	author = {Mohania, Mukesh and Konomi,Shin'ichi and Kambayashi,Yahiko},
	title = {Incremental Maintenance of Materialized Views},
	journal = {},
	issue_date = {June 2005},
	volume = {1308},
	number = {},
	month = jun,
	year = {2005},
	issn = {},
	pages = {551--560},
	numpages = {},
	url = {},
	doi = {},
	acmid = {},
	publisher = {},
	address = {},
}

@inproceedings{incremental:materializedviews,
	title={Incremental maintenance of materialized views},
	author={Mohania, Mukesh and Konomi, Shin'ichi and Kambayashi, Yahiko},
	booktitle={International Conference on Database and Expert Systems Applications},
	pages={551--560},
	year={1997},
	organization={Springer}
}

@article{database:concepts,
	author = {Silberschatz, Abraham and  Korth, Henry F. and Sudarshan,Shashank},
	title = {Database system concepts},
	journal = {},
	issue_date = {1997},
	volume = {4},
	number = {},
	month = {},,
	year = {1997},
	issn = {},
	pages = {},
	numpages = {},
	url = {},
	doi = {},
	acmid = {},
	publisher = {},
	address = {New York},
}

@ARTICLE{jacobsen:viewmaintenance,
	AUTHOR = "Hans-Arno Jacobsen, Patric Lee, Ramana Yerneni",
	TITLE = "View Maintenance in Web Data Platforms",
	JOURNAL = "ACM Trans. Program. Lang. Syst.",
	VOLUME = {15},
	NUMBER = {5},
	PAGES = {795-825},
	MONTH = "November",
	YEAR = {2009}	
}	

@BOOK{white:hadoop,
	AUTHOR = "Tom White",
	TITLE = "Hadoop: The Definitive Guide",
	PUBLISHER = "O'Reilly Media, Inc.",
	ADDRESS = "Reading, Massachusetts",
	YEAR = "2010"	}
	
@BOOK{george:hbase,
	AUTHOR = "Lars George",
	TITLE = "HBase: The Definitive Guide",
	PUBLISHER = "O'Reilly Media, Inc.",
	ADDRESS = "Reading, Massachusetts",
	YEAR = "2011"	}

@article{maintenance:materializedviews,
 author = {Gupta, Ashish and Mumick, Inderpal Singh},
 title = {Maintenance of Materialized Views: Problems, Techniques, and Applications},
 journal = {},
 issue_date = {},
 volume = {},
 number = {},
 month = {June},
 year = {1995},
 issn = {},
 pages = {},
 numpages = {16},
 url = {http://homepages.inf.ed.ac.uk/wenfei/qsx/reading/gupta95maintenance.pdf},
 acmid = {},
 publisher = {},
} 

@article{maintenance:optimizingqueries,
	author = {Chaudhuri,Surajit and Krishnamurthy,Ravi and Potamianosz,Spyros and Shim
	,Kyuseok},
	title = {OPTIMIZING QUERIES WITH MATERIALIZED VIEWS},
	journal = {},
	issue_date = {},
	volume = {},
	number = {},
	month = {June},
	year = {1995},
	issn = {},
	pages = {},
	numpages = {16},
	url = {http://citeseerx.ist.psu.edu/viewdoc/download?doi=10.1.1.42.2680&rep=rep1&type=pdf},
	acmid = {},
	publisher = {},
} 

@article{coprocessor:coprocessor,
	author = {Han, Dan and Stroulia,Eleni},
	title = {HGrid: A Data Model for Large Geospatial Data Sets in HBase},
	journal = {},
	issue_date = {},
	volume = {},
	number = {},
	month = {},
	year = {2013},
	issn = {},
	pages = {},
	numpages = {8},
	url = {http://www.savinetwork.ca/wp-content/uploads/savifunded/Eleni%20Stroulia_UAlberta_HGrid%20-%20A%20Data%20Model%20for%20Large%20Geospatial%20Data%20Sets%20in%20HBase_Cloud%20Computing%20(CLOUD)%20IEEE%206th%20International%20Conference_Jun.27.13-Jul.02.13.pdf},
	acmid = {},
	publisher = {},
} 

@article{incrementalmaintenance:materializedviews,
	author = {Abitebouly,Serge and McHughz,Jason and Rysz,Michael and Vassalosz,Vasilis and Wienerz,  	Janet L.},
	title = {Incremental Maintenance for Materialized Views over
			Semistructured Data},
	journal = {},
	issue_date = {},
	volume = {},
	number = {},
	month = {},
	year = {1998},
	issn = {},
	pages = {},
	numpages = {12},
	url = {http://ilpubs.stanford.edu:8090/340/1/1998-45.pdf},
	acmid = {},
	publisher = {},
}

@article{coprocessor:detail,
	author = {Dimiduk,Nick and Khurana,Amandeep},
	title = {HBase in Action},
	journal = {},
	issue_date = {},
	volume = {},
	number = {},
	month = {},
	year = {2013},
	issn = {},
	pages = {},
	numpages = {12},
	url = {http://download.bigbata.com/ebook/manning/books/Manning.HBase.in.Action.pdf},
	acmid = {},
	publisher = {},
}

@article{hbase:essential,
	author = {Garg, Nishant},
	title = {HBase Essentials},
	journal = {},
	issue_date = {},
	volume = {},
	number = {},
	month = {Nov},
	year = {2014},
	issn = {},
	pages = {164},
	numpages = {},
	url = {http://pdf.th7.cn/down/files/1502/HBase%20Essentials.pdf},
	acmid = {},
	publisher = {},
}

@article{cloudera:instandupg,
	author = {Inc, Cloudera},
	title = {Cloudera Installation and Upgrade},
	journal = {},
	issue_date = {},
	volume = {},
	number = {},
	month = {Apr},
	year = {2016},
	issn = {},
	pages = {164},
	numpages = {},
	url = {http://www.cloudera.com/documentation/enterprise/5-5-x/PDF/cloudera-installation.pdf},
	acmid = {},
	publisher = {},
}

@inproceedings{borthakur:facebook,
  acmid = {1989438},
  added-at = {2011-07-08T15:15:52.000+0200},
  address = {New York, NY, USA},
  author = {Borthakur, Dhruba and Gray, Jonathan and Sarma, Joydeep Sen and Muthukkaruppan, Kannan and Spiegelberg, Nicolas and Kuang, Hairong and Ranganathan, Karthik and Molkov, Dmytro and Menon, Aravind and Rash, Samuel and Schmidt, Rodrigo and Aiyer, Amitanand},
  biburl = {http://www.bibsonomy.org/bibtex/2a63e92a70fb2fec45926e6a66f5f3f81/stroeh},
  booktitle = {Proceedings of the 2011 international conference on Management of data},
  description = {Apache hadoop goes realtime at Facebook},
  doi = {10.1145/1989323.1989438},
  interhash = {99f6a46f9bb424e63ee898ebbc13f13c},
  intrahash = {a63e92a70fb2fec45926e6a66f5f3f81},
  isbn = {978-1-4503-0661-4},
  keywords = {comparison hadoop hbase rdms},
  location = {Athens, Greece},
  numpages = {10},
  pages = {1071--1080},
  publisher = {ACM},
  series = {SIGMOD '11},
  timestamp = {2011-07-08T15:15:52.000+0200},
  title = {Apache hadoop goes realtime at Facebook},
  url = {http://doi.acm.org/10.1145/1989323.1989438},
  year = 2011
}


@ONLINE{parikh:facebook,
author = {Parikh, Jay},
title = {Data Infrastructure at Web Scale},
month = august,
year = {Keynote VLDB 2013},
url = {http://www.vldb.org/2013/keynotes.html},
urldate = {2010-09-30}
}

@ONLINE{daniel:datastats,
	author = {Price, Daniel},
	title = {SURPRISING FACTS AND STATS ABOUT THE BIG DATA INDUSTRY},
	month = {March},
	year = {2015},
	url = {http://cloudtweaks.com/2015/03/surprising-facts-and-stats-about-the-big-data-industry/},
	urldate = {2015-03-17}
}

@ONLINE{matt:rdb,
	author = {Allen, Matt},
	title = {Relational Databases Are Not Designed For Scale},
	month = {November},
	year = {2015},
	url = {http://www.marklogic.com/blog/relational-databases-scale/},
	urldate = {2015-11-15}
}

@ONLINE{materializedview:oracle,
	author = {Corporation, Oracle},
	title = {Materialized Views},
	month = {},
	year = {1999},
	url = {http://www.csee.umbc.edu/portal/help/oracle8/server.815/a67775/ch2.htm},
	urldate = {}
}

@ONLINE{coprocessor:types,
	author = {Lai, Mingjie and Koontz,Eugene and Purtell, Andrew},
	title = {Coprocessor Introduction},
	month = {},
	year = {2012},
	url = {https://blogs.apache.org/hbase/entry/coprocessor_introduction},
	urldate = {2012-02-01}
}

@ONLINE{hbase:coprocessors,
	author = {BHARDWAJ, GAURAV},
	title = {THE HOW TO OF HBASE COPROCESSORS},
	month = {Apr},
	year = {2014},
	url = {http://www.3pillarglobal.com/insights/hbase-coprocessors},
	urldate = {2014-04-25}
}

@ONLINE{loading:coprocessors,
	author = {},
	title = {Apache HBase Reference Guide},
	month = {Apr},
	year = {2011},
	url = {https://hbase.apache.org/book.html#cp_loading},
	urldate = {2011-04-26}
}

@ONLINE{hbase:site,
	author = {},
	title = {Quick Start},
	month = {Apr},
	year = {2014},
	url = {http://hbase.apache.org/0.94/book/quickstart.html},
	urldate = {2014-04-26}
}

@ONLINE{hbase:architecture,
	author = {McDonald,Carol},
	title = {An In-Depth Look at the HBase Architecture},
	month = {Aug},
	year = {2015},
	url = {https://www.mapr.com/blog/in-depth-look-hbase-architecture},
	urldate = {2015-08-07}
}

@ONLINE{hbase:zookeeper,
	author = {Grover,Mark},
	title = {ZooKeeper fundamentals, deployment, and applications},
	month = {Aug},
	year = {2013},
	url = {https://www.ibm.com/developerworks/library/bd-zookeeper/},
	urldate = {2013-08-27}
}

@ONLINE{hbase:insights,
	author = {Inc,Edureka},
	title = {Insights on HBase Architecture},
	month = {Jan},
	year = {2014},
	url = {http://www.edureka.co/blog/insights-on-hbase-architecture},
	urldate = {2014-01-10}
}

@article{hadoop:architecture,
	author = {Chansler,Robert and Kuang,Hairong and Radia,Sanjay and Shvachko,Konstantin and Srinivas,Suresh},
	title = {The Hadoop Distributed File System},
	journal = {},
	issue_date = {},
	volume = {},
	number = {},
	month = {October},
	year = {2013},
	issn = {},
	pages = {},
	numpages = {},
	url = {http://www.alexanderpokluda.ca/coursework/cs848/CS848%20Paper%20Presentation%20-%20Alexander%20Pokluda.pdf},
	acmid = {},
	publisher = {}
}

@ONLINE{HDFS:architecture,
	author = {Big Data and Hadoop},
	title = {Apache Hadoop HDFS Architecture},
	month = {May},
	year = {2013},
	url = {http://www.aosabook.org/en/hdfs.html},
	urldate = {2011-05-24}
}

@ONLINE{HDFS:datanode,
	author = {Menon, Rohit},
	title = {Introducing Hadoop - Part II},
	month = {Jan},
	year = {2013},
	url = {http://www.aosabook.org/en/hdfs.html},
	urldate = {2013-01-04}
}

@ONLINE{HDFS:namenodeanddatanode,
	author = {Team, Hadoop},
	title = {NameNode and DataNode - Hadoop In Real World},
	month = {July},
	year = {2015},
	url = {http://www.hadoopinrealworld.com/namenode-and-datanode/},
	urldate = {2015-07-12}
}

@ONLINE{HDFS:secondarynamenode,
	author = {Pathak, Madhukara},
	title = {Secondary Namenode - What it really do?},
	month = {Dec},
	year = {2013},
	url = {http://blog.madhukaraphatak.com/secondary-namenode---what-it-really-do/},
	urldate = {2013-12-31}
}	

@article{bigdata:analysis,
	author = {Das, TK and Kumar,P.Mohan},
	title = {BIG Data Analytics: A Framework for Unstructured Data Analysis},
	journal = {},
	issue_date = {Feb-Mar 2013},
	volume = {5},
	number = {1},
	month = {Feb-Mar},
	year = {2013},
	issn = {0975-4024},
	pages = {152-153},
	numpages = {},
	url = {http://citeseerx.ist.psu.edu/viewdoc/download?doi=10.1.1.411.6697&rep=rep1&type=pdf},
	acmid = {},
	publisher = {},
}

@inproceedings{bello1998materialized,
	title={Materialized views in Oracle},
	author={Bello, Randall G and Dias, Karl and Downing, Alan and Feenan, James and Finnerty, Jim and Norcott, William D and Sun, Harry and Witkowski, Andrew and Ziauddin, Mohamed},
	booktitle={VLDB},
	volume={98},
	pages={24--27},
	year={1998}
}